@article{mplwe,
    author =       "Miruna Rosca and Amin Sakzad and Damien Stehl√© and Ron Steinfeld",
    title =        "Middle-Product Learning With Errors",
    journal =      "Annual International Cryptology Conference",
    publisher =   "Springer",
    pages =        "283--297",
    year =         "2017"
}
