@book{majda2001vorticity,
  author    = {Andrew J. Majda and Andrea L. Bertozzi},
  title     = {Vorticity and Incompressible Flow},
  series    = {Cambridge Texts in Applied Mathematics},
  publisher = {Cambridge University Press},
  year      = {2001},
  address   = {Cambridge, UK},
  isbn      = {9780521630573},
  doi       = {10.1017/CBO9780511613203}
}

@book{eggers2015singularities,
  author    = {Jens Eggers and Marco A. Fontelos},
  title     = {Singularities: Formation, Structure, and Propagation},
  series    = {Cambridge Texts in Applied Mathematics},
  publisher = {Cambridge University Press},
  year      = {2015},
  address   = {Cambridge, UK},
  isbn      = {9781107098411}
}

@book{tao2006dispersive,
  author    = {Terence Tao},
  title     = {Nonlinear Dispersive Equations: Local and Global Analysis},
  series    = {CBMS Regional Conference Series in Mathematics},
  volume    = {106},
  publisher = {American Mathematical Society},
  year      = {2006},
  address   = {Providence, RI},
  isbn      = {9780821889503},
}

@article{buckmaster2019formation,
  author       = {Tristan Buckmaster and Steve Shkoller and Vlad Vicol},
  title        = {Formation of shocks for 2D isentropic compressible Euler},
  journal      = {arXiv preprint},
  eprint       = {1907.03784},
  archivePrefix= {arXiv},
  primaryClass = {math.AP},
  year         = {2019},
  note         = {Comm.\ Pure Appl.\ Math., in print}
}

@article{buckmaster2022imploding,
  author       = {Tristan Buckmaster and Gonzalo Cao‑Labora and Javier Gómez‑Serrano},
  title        = {Smooth imploding solutions for 3D compressible fluids},
  journal      = {arXiv preprint},
  eprint       = {2208.09445},
  archivePrefix= {arXiv},
  primaryClass = {math.AP},
  year         = {2022},
  note         = {Revised Apr.\ 21, 2025; to appear in *Forum of Mathematics, Pi*}
}

@article{leray1934,
  author  = {Leray, Jean},
  title   = {Sur le mouvement d'un liquide visqueux emplissant l'espace},
  journal = {Acta Mathematica},
  volume  = {63},
  pages   = {193--248},
  year    = {1934},
  doi     = {10.1007/BF02547354}
}
@article{chen_hou1,
  author       = {Chen, Jiajie and Hou, Thomas Y.},
  title        = {Stable nearly self-similar blowup of the 2D Boussinesq and 3D Euler equations with smooth data I: Analysis},
  journal      = {arXiv preprint arXiv:2210.07191},
  year         = {2022},
  note         = {Revised on 9 May 2023},
  url          = {https://arxiv.org/abs/2210.07191}
}
@article{chen_hou2,
  author       = {Chen, Jiajie and Hou, Thomas Y.},
  title        = {Stable nearly self-similar blowup of the 2D Boussinesq and 3D Euler equations with smooth data {II}: Rigorous Numerics},
  journal      = {arXiv preprint},
  year         = {2023},
  note         = {Submitted 9 May 2023},
  url          = {https://arxiv.org/abs/2305.05660}
}
@article{deng_hani_ma_2025_hilbert6,
  author       = {Deng, Yu and Hani, Zaher and Ma, Xiao},
  title        = {Hilbert’s sixth problem: derivation of fluid equations via {Boltzmann}'s kinetic theory},
  journal      = {arXiv preprint},
  year         = {2025},
  note         = {Submitted 3 March 2025},
  url          = {https://arxiv.org/abs/2503.01800}
}


