@article{rosenberg,
    author =       "Harold Rosenberg",
    title =        "Un contre-exemple à la conjecture de Seifert",
    journaltitle = "Séminaire N. Bourbaki",
    volume =       "434",
    pages =        "294--306",
    year =         "1974"
}

@article{herman,
    author =       "Michael Herman",
    title =        "Sur la conjugaison différentiable des difféomorphismes
du cercle à des rotations",
    journaltitle = "Publications mathématiques de l’I.H.É.S.",
    volume =       "49",
    pages =        "5--233",
    year =         "1979"
}

@book{dgv,
    author =       "David Gérard-Varet",
    title =        "Around the Nash-Moser theorem",
    year =         2019
}