@article{rosenberg,
    author =       "Harold Rosenberg",
    title =        "Un contre-exemple à la conjecture de Seifert",
    journaltitle = "Séminaire N. Bourbaki",
    volume =       "434",
    pages =        "294--306",
    year =         "1974"
}

@article{herman,
    author =       "Michael Herman",
    title =        "Sur la conjugaison différentiable des difféomorphismes
du cercle à des rotations",
    journaltitle = "Publications mathématiques de l’I.H.É.S.",
    volume =       "49",
    pages =        "5--233",
    year =         "1979"
}

@book{dgv,
    author =       "David Gérard-Varet",
    title =        "Around the Nash-Moser theorem",
    year =         2019
}


@unpublished{milnor,
    author =       "John Milnor",
    title =        "Introductory Dynamics Lectures",
    year =         2001
}

@book{metivier,
    author =       "Guy Métivier",
    title =        "Para-differential Calculus and Applications to the Cauchy Problem for Nonlinear Systems",
    year =         2008
}

@book{alinhac_gerard,
    author =       "Alinhac, Serge and Gérard, Patrick",
    title =        "Opérateurs pseudo-différentiels et théorème de Nash-Moser",
    publisher =   "Éditions du CNRS",
    year =         1991
}

@article{hormander,
	title={On the Nash-Moser implicit function theorem}, 
	volume={10},
	DOI={10.5186/aasfm.1985.1028},
	journal={Annales Fennici Mathematici}, 
	author={Hörmander, Lars}, 
	year={1985},
	pages={255–259} 
}

@article{alazard,
	title={KAM via Standard Fixed Point Theorems}, 
	DOI={10.48550/arXiv.2312.13971},
	author={Alazard, Thomas and Shao,Chengyang}, 
	year={2023}
}

@article{bony,
	title="Calcul symbolique et propagation des singularités pour les équations aux dérivées partielles non linéaires",
	DOI={10.24033/asens.1404.},
	author={Bony, Jean-Michel},
	year={1981},
	journal={Annales scientifiques de l'École Normale Supérieure},
	volume=14,
	series=4,
	pages="209--246"